@online{0,
	author = {
	AXELOS Global Best Practice},
	title = {What is PRINCE2? (in 100 seconds)
	},
	date = {13 apr 2017},
	url = {https://www.youtube.com/watch?v=61RnrsWQE7A&feature=emb_logo},
}

@online{1,
author = {
ILX Group},
title = {PRINCE2 explained in 30 minutes},
date = {28 Apr 2017},
url = {https://www.youtube.com/watch?v=8-Msk4ff8ew},
}

@online{2,
ALTauthor = {author},
ALTeditor = {editor},
title = {Wat is PRINCE2?},
date = {date},
url = {https://www.prince2.com/nl/what-is-prince2},
}

@article{3,
author = {Jeff Roussel},
title = {What is Project Management Body of Knowledge (PMBOK®)?},
journaltitle = {What is Project Management Body of Knowledge (PMBOK®)?},
date = {Oct 30, 2019 2:05:33 PM},
}

@online{4,
author = {Visual-Paradigm},
title = {What is PMBOK in Project Management?},
date = {date},
url = {https://www.visual-paradigm.com/guide/pmbok/what-is-pmbok/},
}

@article{5,
author = {Simon Buehring},
title = {PRINCE2 vs Agile or PRINCE2 Agile?},
journaltitle = {PRINCE2 vs Agile or PRINCE2 Agile?},
date = {19 Aug 2020},
}

@online{6,
author = {prince2},
title = {PRINCE2 wiki},
date = {date},
url = {https://prince2.wiki/},
}

@online{ID,
	author = {Wikipedia},
	title = {Project Management Body of Knowledge},
	date = {date},
	url = {https://nl.wikipedia.org/wiki/Project_Management_Body_of_Knowledge},
}

@online{ID,
	author = {Projectmanagementsite},
	title = {Project Management Body of Knowledge (PMBoK)},
	date = {date},
	url = {https://projectmanagementsite.nl/pmbok/#.X7_eDWhKjbZ},
}

@online{ID,
	author = {Hutte},
	title = {Project Management Body of Knowledge, PMBoK},
	date = {02-10-2014},
	url = {https://zakelijk.infonu.nl/management/141933-project-management-body-of-knowledge-pmbok.html},
}

@online{ID,
	author = {Axelos},
	title = {What is PRINCE2 Agile®?},
	date = {date},
	url = {https://www.axelos.com/best-practice-solutions/prince2-agile/what-is-prince2-agile},
}
